@article{einstein1905,
    author = {Albert Einstein},
    title = {Zur Elektrodynamik bewegter Körper},
    journal = {Annalen der Physik},
    volume = {17},
    number = {10},
    pages = {891--921},
    year = {1905},
    note = {En alemán}
}

@misc{icpan,
    author = {},
    title = {i-cpan.es},
    howpublished = {\url{https://www.i-cpan.es/expocern/docs/oviedo/Interacciones-cuanticas.pdf}},
    year = {2024},
    note = {[Accessed 04-11-2024]}
}

@book{knuth1997,
    author = {Donald E. Knuth},
    title = {The Art of Computer Programming},
    publisher = {Addison-Wesley},
    year = {1997},
    volume = {1},
    edition = {3rd},
    address = {Reading, MA},
    note = {Volumen 1: Algoritmos fundamentales}
}
